@Manual{ manual:rtai-3.4,
	title = "RTAI 3.4 User Manual",
	author = "Giovanni Racciu and Paolo Mantegazza",
	month = oct,
	year = "2006",
	edition = "rev 0.3",
	url = "http://www.rtai.org"
}

@Manual{ manual:joao:rtaiinst,
	title = "RTAI Installation Complete Guide",
	author = "Jo√£o Monteiro",
	month = feb,
	year = "2008",
	url = "https://www.rtai.org/RTAICONTRIB/RTAI_Installation_Guide.pdf"
}

